@article{Rinc_n_2020,
	doi = {10.1140/epjc/s10052-020-08445-2},
	%url = {https://doi.org/10.1140\%2Fepjc\%2Fs10052-020-08445-2},
	year = 2020,
	month = {oct},
	publisher = {Springer Science and Business Media {LLC}},
	volume = {80},
	number = {10},
	author = {{\'{A}}ngel Rinc{\'{o}}n and \textbf{Victor Santos}},
	title = {Greybody factor and quasinormal modes of Regular Black Holes},
	journal = {The European Physical Journal C}
}

@article{Oliveira_2019,
	doi = {10.1088/1361-6382/ab1873},
	%url = {https://doi.org/10.1088%2F1361-6382%2Fab1873},
	year = 2019,
	month = {apr},
  
	publisher = {{IOP} Publishing},
  
	volume = {36},
  
	number = {10},
  
	pages = {105013},
  
	author = {R Oliveira and D M Dantas and \textbf{Victor Santos} and C A S Almeida},
  
	title = {Quasinormal modes of bumblebee wormhole},
  
	journal = {Classical and Quantum Gravity}
}
